<?xml version="1.0" encoding="UTF-8"?><collection xmlns="http://www.loc.gov/MARC21/slim"><record><leader>00472nam--2200169-i-4500</leader><controlfield tag="001">000045988</controlfield><controlfield tag="002">20161230</controlfield><controlfield tag="005">20161230201045</controlfield><controlfield tag="008">060222s1000------------r-----000-0-eng-d</controlfield><datafield ind1=" " ind2=" " tag="040"><subfield code="a">IFIN-HH</subfield></datafield><datafield ind1=" " ind2=" " tag="080"><subfield code="a">535.31:535.8</subfield></datafield><datafield ind1="1" ind2=" " tag="100"><subfield code="a">Welford, W.T</subfield></datafield><datafield ind1="1" ind2="0" tag="245"><subfield code="a">Undergraduate textbooks in physics. vol.1: geometrical optics</subfield><subfield code="c">W.t. welford</subfield></datafield><datafield ind1=" " ind2=" " tag="260"><subfield code="a">Amsterdam,</subfield><subfield code="b">North-holland Publishing Co</subfield><subfield code="c">1962</subfield></datafield><datafield ind1=" " ind2=" " tag="300"><subfield code="a">X+200P</subfield></datafield><datafield ind1=" " ind2=" " tag="852"><subfield code="a">19782</subfield><subfield code="c">53</subfield></datafield><datafield ind1=" " ind2=" " tag="CAT"><subfield code="a">Sys</subfield><subfield code="c">20150217</subfield><subfield code="h">221547</subfield></datafield></record></collection>